@ARTICLE{mobileoverload,
   author = {Allen DK and Shoard M},
   title = {Spreading the load: mobile information and communications technologies and their effect on information overload.},
   journal = {Information Research 10},
   year = 2005,
}

@MISC{consentGDPR,
   title = {Children and the GDPR},
   url = {https://ico.org.uk/media/for-organisations/guide-to-the-general-data-protection-regulation-gdpr/children-and-the-gdpr-1-0.pdf},
   year = 2019
}

@MISC{DPO,
   title = {Data protection officers},
   url = {https://ico.org.uk/for-organisations/guide-to-data-protection/guide-to-the-general-data-protection-regulation-gdpr/accountability-and-governance/data-protection-officers/},
   year = 2019
}

@MISC{BCS,
   howpublished = "Retrieved from: \url{https://www.bcs.org/upload/pdf/conduct.pdf}",
   title = {BCS Code of conduct},
   year = "2019"
}

@MISC{BCSBenefits,
    title = {BCS Benefits},
    howpublished = "Retrieved from: \url{https://www.bcs.org/get-qualified/become-chartered/chartered-it-professional/}",
    year = {2019}
}

@MISC{Egoism,
	title = {Egoism},
	year = {2005},
	url = {https://www.iep.utm.edu/egoism/},
	author = {Alexander Moseley}
}

@article{Altruism,
    title = "What is altruism?",
    journal = "Trends in Ecology & Evolution",
    volume = "19",
    number = "3",
    pages = "135 - 140",
    year = "2004",
    issn = "0169-5347",
    doi = "https://doi.org/10.1016/j.tree.2003.10.004",
    url = "http://www.sciencedirect.com/science/article/pii/S0169534703003185",
    author = "Benjamin Kerr and Peter Godfrey-Smith and Marcus W. Feldman",
}

@book{Utilitarianism,
  title={Understanding utilitarianism},
  author={Mulgan, Tim},
  year={2014},
  publisher={Routledge},
  pages={1},
}

@article{Deontology,
    author = { Irene   Van Staveren },
    title = {Beyond Utilitarianism and Deontology: Ethics in Economics},
    journal = {Review of Political Economy},
    volume = {19},
    number = {1},
    pages = {21-35},
    year  = {2007},
    publisher = {Routledge},
    doi = {10.1080/09538250601080776},
    
    URL = { 
            https://doi.org/10.1080/09538250601080776
        
    },
    eprint = { 
            https://doi.org/10.1080/09538250601080776
        
    }
}

@MISC{GMC,
   title = {GMC Confidentiality guidance},
   url = {https://www.gmc-uk.org/ethical-guidance/ethical-guidance-for-doctors/confidentiality/managing-and-protecting-personal-information#paragraph-117},
   year = 2018,
   paragraph = {117-121}
}

@book{overwork,
  title={Improving the health of the NHS workforce: Report of the partnership on the health of the NHS workforce},
  author={Williams, S and Michie, Susan and Pattani, Shriti},
  year={1998},
  publisher={Nuffield Trust},
  pages = {16}
}

@article {ClinicalSystemSecurity,
	author = {Anderson, Ross},
	title = {Clinical system security: interim guidelines},
	volume = {312},
	number = {7023},
	pages = {109--111},
	year = {1996},
	doi = {10.1136/bmj.312.7023.109},
	publisher = {BMJ Publishing Group Ltd},
	issn = {0959-8138},
	URL = {https://www.bmj.com/content/312/7023/109},
	eprint = {https://www.bmj.com/content},
	journal = {BMJ}
}

@misc{AutoProcess,
  title={Automatic patient record update enabled clinical messaging},
  author={Karamchedu, Murali M and Sponaugle, Jeffrey B and Coppa, James Vincent},
  year={2012},
  month=dec # "~11",
  publisher={Google Patents},
  note={US Patent 8,332,239}
}

@MISC{emailOnslaught,
    url = {https://www.theguardian.com/technology/shortcuts/2018/may/16/what-are-all-these-gdpr-emails-filling-up-your-inbox},
    title = {What are all these GDPR emails filling up your inbox?},
    year = {2018}
}

@MISC{exploitativeVolunteering,
    url = {https://www.theguardian.com/society/joepublic/2011/nov/22/charities-exploit-young-people-unpaid-work},
    title = {Charities should not exploit young people through unpaid work},
    year = {2011}
}



@book{maintenanceCost,
    author = {Kent Beck},
    title = {Extreme Programming explained},
    publisher = {Addison-Wesley},
    year = {1999}
}

@article{ITProfessionalism,
  title={The Profession of IT, Who Are We--Now?},
  author={Denning, Peter J and Frailey, Dennis},
  year={2011}
}

@MISC{Article5,
    url = {https://eur-lex.europa.eu/legal-content/EN/TXT/?uri=CELEX:32016R0679},
    title = {GDPR Article 5},
    year = "2016",
}

@MISC{Article9,
    url = {https://eur-lex.europa.eu/legal-content/EN/TXT/?uri=CELEX:32016R0679},
    title = {GDPR Article 9},
    year = 2016
}

@MISC{Article12,
    url = {https://eur-lex.europa.eu/legal-content/EN/TXT/?uri=CELEX:32016R0679},
    title = {GDPR Article 12},
    year = 2016
}

@MISC{Article17,
    url = {https://eur-lex.europa.eu/legal-content/EN/TXT/?uri=CELEX:32016R0679},
    title = {GDPR Article 17},
    year = 2016
}

@MISC{Article28,
    url = {https://eur-lex.europa.eu/legal-content/EN/TXT/?uri=CELEX:32016R0679},
    title = {GDPR Article 28},
    year = 2016
}

@MISC{Article30,
    url = {https://eur-lex.europa.eu/legal-content/EN/TXT/?uri=CELEX:32016R0679},
    title = {GDPR Article 30},
    year = 2016
}

@MISC{Article32,
    url = {https://eur-lex.europa.eu/legal-content/EN/TXT/?uri=CELEX:32016R0679},
    title = {GDPR Article 32},
    year = 2016
}

@MISC{Article33&34,
    url = {https://eur-lex.europa.eu/legal-content/EN/TXT/?uri=CELEX:32016R0679},
    title = {GDPR Articles 33-34},
    year = 2016
}

@MISC{Article37,
    url = {https://eur-lex.europa.eu/legal-content/EN/TXT/?uri=CELEX:32016R0679},
    title = {GDPR Article 37},
    year = 2016
}

@MISC{Article39&47,
    url = {https://eur-lex.europa.eu/legal-content/EN/TXT/?uri=CELEX:32016R0679},
    title = {GDPR Articles 39 and 47},
    year = 2016
}

@MISC{Article70,
    url = {https://eur-lex.europa.eu/legal-content/EN/TXT/?uri=CELEX:32016R0679},
    title = {GDPR Article 70},
    year = 2016
}